@misc{AnamikaM1:online,
author = {prf},
title = {Anamika Megwalu - SJSU Research Guides at San Jos√© State University Library},
howpublished = {https://libguides.sjsu.edu/prf.php?account\_id\=106642},
month = {},
year = {2019},
note = {(Accessed on 12/12/2019)}
}
@misc{BonnieHs13:online,
author = {bonnie-hsia},
title = {Bonnie Hsia | General Engineering | San Jose State University},
howpublished = {http://www.sjsu.edu/ge/faculty-and-staff/bonnie-hsia/},
month = {},
year = {2019},
note = {(Accessed on 12/12/2019)}
}
@misc{PurdueOW20:online,
author = {purdue\_owl},
title = {Purdue OWL | Purdue Writing Lab},
howpublished = {https://www.owl.purdue.edu/owl/purdue\_owl.html},
month = {},
year = {2019},
note = {(Accessed on 12/12/2019)}
}
@misc{LaTeXAdo7:online,
author = {latex},
title = {LaTeX - A document preparation system},
howpublished = {https://www.latex-project.org/},
month = {},
year = {n.d},
note = {(Accessed on 12/12/2019)}
}
@misc{welcomeh42:online,
author = {vim},
title = {welcome home : vim online},
howpublished = {https://www.vim.org/},
month = {},
year = {n.d},
note = {(Accessed on 12/12/2019)}
}
@misc{Language47:online,
author = {languagetool},
title = {LanguageTool - Spell and Grammar Checker},
howpublished = {https://languagetool.org/},
month = {},
year = {n.d},
note = {(Accessed on 12/12/2019)}
}
@misc{WYSIWYGW28:online,
author = {WYSIWYG},
title = {WYSIWYG - Wikipedia},
howpublished = {https://www.en.wikipedia.org/wiki/WYSIWYG},
month = {},
year = {n.d},
note = {(Accessed on 12/12/2019)}
}
@misc{WYSIWYMW70:online,
author = {WYSIWYM},
title = {WYSIWYM - Wikipedia},
howpublished = {https://www.en.wikipedia.org/wiki/WYSIWYM},
month = {},
year = {n.d},
note = {(Accessed on 12/12/2019)}
}
