@INPROCEEDINGS{7145073,
        author={I. {Kiss} and B. {Genge} and P. {Haller}},
        booktitle={Proceedings of the 2015 16th International Carpathian Control Conference (ICCC)},
        title={Behavior-based critical cyber asset identification in Process Control Systems under Cyber Attacks},
        year={2015},
        volume={},
        number={},
        pages={196-201},
        keywords={closed loop systems;control engineering computing;interconnected systems;process control;production engineering computing;security of data;behavior-based critical cyber asset identification;process control systems;networked interconnected system of systems;economical benefits;operational benefits;malicious actors;critical PCS;cyber attack impact assessment;CAIA technique;systematic mechanism;cyber threats impact severity;systems dynamics;closed-loop PCS;Tennessee Eastman chemical process;cascade controller structures;Process control;Mathematical model;Feeds;Inductors;Chemical processes;Hardware;Time measurement;Process Control Systems;Impact Assessment;Cyber Attack;System Dynamics;Control Variable;Observed Variable},
        doi={10.1109/CarpathianCC.2015.7145073},
        ISSN={null},
        month={May},
}

@INPROCEEDINGS{6459865,
author={L. {Buchanan} and M. {Larkin} and A. {D'Amico}},
booktitle={2012 IEEE Conference on Technologies for Homeland Security (HST)},
title={Mission assurance proof-of-concept: Mapping dependencies among cyber assets, missions, and users},
year={2012},
volume={},
number={},
pages={298-304},
keywords={ontologies (artificial intelligence);security of data;cyber mission assurance;cyber asset-mission-and-user;Camus;critical mission;IP address;network service;network asset;ontology;Ontologies;Semantics;Engines;Servers;Hardware;Software;Ports (Computers);business continuity;computer security;cyber mission assurance;data mining;network defense;network management;ontology},
doi={10.1109/THS.2012.6459865},
ISSN={null},
month={Nov},
}

@INPROCEEDINGS{6498379,
author={P. {Robertson} and R. {Laddaga}},
booktitle={2012 IEEE Sixth International Conference on Self-Adaptive and Self-Organizing Systems Workshops},
title={Adaptive Security and Trust},
year={2012},
volume={},
number={},
pages={55-60},
keywords={data privacy;maximum entropy methods;security of data;adaptive security;adaptive trust;cyber security;cyber asset;self-adaptive technique;conditional trust;maximum entropy principle;PME;conditional preference;PME entropy cp-nets cyber security trust modeling self adaptive},
doi={10.1109/SASOW.2012.18},
ISSN={null},
month={Sep.},}

@INPROCEEDINGS{4908498,
author={H. {Peng} and L. {Niu}},
booktitle={2009 International Conference on Networks Security, Wireless Communications and Trusted Computing},
title={The Risks of Network Virtual Assets and its Measurements},
year={2009},
volume={2},
number={},
pages={434-437},
keywords={financial data processing;security of data;network virtual assets;network virtual environment risk;specific assets risk;network safety;exchange rate;operator credit;liquidity risk;virtual currency;virtual debtor credit;Risk analysis;Pricing;Asset management;Virtual environment;Merchandise;Investments;Second Life;Law;Stock markets;Wireless communication;virtual currency;network virtual assets;risk measurement},
doi={10.1109/NSWCTC.2009.100},
ISSN={null},
month={April},}

@INPROCEEDINGS{7546222,
author={S. S. {Kushwah} and R. {Tyagi}},
booktitle={2015 International Conference on Computational Intelligence and Communication Networks (CICN)},
title={Infrastructural Assets Provisioning in Cloud Computing Systems},
year={2015},
volume={},
number={},
pages={886-889},
keywords={asset management;cloud computing;computer centres;virtual machines;infrastructural assets;cloud computing infrastructure hardware resources;cloud computing environment;virtual machine accessible arrangement;data centers;load balancing;data parallelisms;user requests;cloud optimization platform;Cloud computing;Servers;Virtual machining;Programming;Loading;Computational modeling;Cloud Computing;Cloud Assets;Cloud Suppliers;Virtual Machine (VM) and Cloud Service in Data Centers},
doi={10.1109/CICN.2015.174},
ISSN={2472-7555},
month={Dec},}

@INPROCEEDINGS{654360,
author={S. {Arbaoui} and F. {Oquendo}},
booktitle={Proceedings 10th International Software Process Workshop},
title={Reuse sensitive process models: are process elements software assets too?},
year={1996},
volume={},
number={},
pages={21-24},
keywords={software reusability;reuse sensitive process models;process element software assets;software quality improvement;software quality factors;complex software systems;reusable software assets;system composition;application domain;software process models;process model development;software engineering;reuse methodology;process model development process;metaprocess;Software quality;Application software;Software reusability;Computer architecture;Software systems;Buildings;Costs;Delay effects;Software engineering;Software performance},
doi={10.1109/ISPW.1996.654360},
ISSN={null},
month={June},}

@INPROCEEDINGS{7795460,
author={X. {Li} and P. {Avellino} and J. {Janies} and M. P. {Collins}},
booktitle={MILCOM 2016 - 2016 IEEE Military Communications Conference},
title={Software asset analyzer: A system for detecting configuration anomalies},
year={2016},
volume={},
number={},
pages={998-1003},
keywords={safety-critical software;security of data;software asset analyzer;configuration anomaly detection;SAA;software patch management;software inventories;software patching efficiency improvement;security patching;vulnerable software installation detection;remediation process verification;Software as a service;Metadata;Monitoring;Computer bugs;Computer security;Attack;Detection and Prevention;Asset Inventory;Anomaly detection;Configuration Management;Incident Response;Intrusion Detection;Threat Monitoring and Analysis},
doi={10.1109/MILCOM.2016.7795460},
ISSN={2155-7586},
month={Nov},}
@INPROCEEDINGS{7580812,
author={K. {Waedt} and A. {Ciriello} and M. {Parekh} and E. {Bajramovic}},
booktitle={2016 IEEE International Smart Cities Conference (ISC2)},
title={Automatic assets identification for smart cities: Prerequisites for cybersecurity risk assessments},
year={2016},
volume={},
number={},
pages={1-6},
keywords={asset management;cloud computing;risk management;security of data;smart cities;semiformal asset management;pervasive asset management;software components;security patches;cloud environments;software assets;fixed information technology;mobile information technology;asset management;ASC;graded application security control assignment;manual asset identification;cybersecurity risk assessments;smart cities;automatic assets identification;Asset management;Smart cities;Software;Organizations;Security;Context;Portfolios;smart cities;asset portfolio;asset management tools;automatic asset identification;application security controls},
doi={10.1109/ISC2.2016.7580812},
ISSN={null},
month={Sep.},}
@INPROCEEDINGS{6061419,
author={M. {Nodine} and R. {Grimshaw} and P. {Haglich} and S. {Wilder} and J. B. {Lyles}},
booktitle={2011 IEEE Fifth International Conference on Semantic Computing},
title={Computational Asset Description for Cyber Experiment Support Using OWL},
year={2011},
volume={},
number={},
pages={110-117},
keywords={computer network security;knowledge representation languages;computational asset description;cyber experiment;OWL;testbed asset;asset description ontology;national cyber range;software asset;hardware asset;general purpose application;Ontologies;Hardware;Cognition;Operating systems;Malware;ontology;computer;hardware;software},
doi={10.1109/ICSC.2011.83},
ISSN={null},
month={Sep.},}
@ARTICLE{5733835,
author={},
journal={ISO/IEC/IEEE 24765:2010(E)},
title={ISO/IEC/IEEE International Standard - Systems and software engineering -- Vocabulary},
year={2010},
volume={},
number={},
pages={1-418},
keywords={IEEE standards;ISO standards;software engineering;systems engineering;International Standard;information technology field;IEEE Computer Society;Project Management Institute;IEEE Std 610.12-1990;IEEE Standard Glossary of Software Engineering Terminology;IEEE standards;ISO standards;IEC standards;Software engineering;Dictionaries;computer;dictionary;information technology;software engineering;systems engineering;terminology;vocabulary},
doi={10.1109/IEEESTD.2010.5733835},
ISSN={null},
month={Dec},}

@INPROCEEDINGS{6954232,
author={F. S. {Al-Anzi} and S. K. {Yadav} and J. {Soni}},
booktitle={2014 International Conference on Data Mining and Intelligent Computing (ICDMIC)},
title={Cloud computing: Security model comprising governance, risk management and compliance},
year={2014},
volume={},
number={},
pages={1-6},
keywords={cloud computing;conformance testing;data protection;risk management;cloud computing;risk management;compliance management;cloud security model;data protection;infrastructure protection;service protection;dynamic cloud technology;customer ownership;service provider;service model;common management platform;cloud computing business;application security;information security;infrastructure security;security monitoring;organizational physical asset protection;organizational virtual asset protection;security governance;Security;Cloud computing;Computational modeling;Organizations;Risk management;Educational institutions;Cloud computing;Threat;security},
doi={10.1109/ICDMIC.2014.6954232},
ISSN={null},
month={Sep.},}

@INPROCEEDINGS{1578964,
author={ {Zonghua Zhang} and {Hong Shen} and X. {Defago} and {Yingpeng Sang}},
booktitle={Sixth International Conference on Parallel and Distributed Computing Applications and Technologies (PDCAT'05)},
title={A Brief Comparative Study on Analytical Models of Computer System Dependability and Security},
year={2005},
volume={},
number={},
pages={493-497},
keywords={Analytical models;Computer security;Information security;Communication system security;Failure analysis;Intrusion detection;Availability;Information science;History;Stochastic systems},
doi={10.1109/PDCAT.2005.1},
ISSN={2379-5352},
month={Dec},}

@INPROCEEDINGS{6759879,
author={J. {Wang} and D. {Rossell} and C. G. {Cassandras} and I. C. {Paschalidis}},
booktitle={52nd IEEE Conference on Decision and Control},
title={Network anomaly detection: A survey and comparative analysis of stochastic and deterministic methods},
year={2013},
volume={},
number={},
pages={182-187},
keywords={security of data;stochastic processes;support vector machines;flow-level anomalies;nominal data;packet-level attack;simulated network;clustering analysis;SVM;support vector machines;SHT;statistical hypothesis tests;anomaly detection field;stochastic methods;survey analysis;comparative analysis;deterministic methods;network anomaly detection;Support vector machines;Subspace constraints;Servers;Clustering algorithms;Stochastic processes;IP networks;Detectors},
doi={10.1109/CDC.2013.6759879},
ISSN={0191-2216},
month={Dec},}

@INPROCEEDINGS{1625306,
author={K. {Sallhammar} and B. E. {Helvik} and S. J. {Knapskog}},
booktitle={First International Conference on Availability, Reliability and Security (ARES'06)},
title={Towards a stochastic model for integrated security and dependability evaluation},
year={2006},
volume={},
number={},
pages={8 pp.-165},
keywords={stochastic games;Markov processes;probability;security of data;system recovery;stochastic model;security failure;dependable computing;stochastic game theory;reward and cost concept;Markov analysis;probabilistic prediction;Stochastic processes;Availability;Stochastic systems;Predictive models;Quality of service;Communication system security;Information security;Councils;Game theory;Proposals},
doi={10.1109/ARES.2006.137},
ISSN={null},
month={April},}
@ARTICLE{4042656,
author={V. C. s. {Lee} and L. {Shao}},
journal={IEEE Security Privacy},
title={Estimating Potential IT Security Losses: An Alternative Quantitative Approach},
year={2006},
volume={4},
number={6},
pages={44-52},
keywords={cost-benefit analysis;data mining;information technology;security of data;stochastic processes;telecommunication security;IT security losses;network-centric open economy;network-based information;port-scan record mining;stock exchange price dynamics;Poisson arrival processing;stochastic process;enterprise information IT security;IT security risk;data mining;Information security;Data security;Loss measurement;Frequency estimation;Investments;Information analysis;Computer security;Current measurement;Cost benefit analysis;Risk management;quantitative measuring of IT security loss;jump diffusion process;port scan data},
doi={10.1109/MSP.2006.151},
ISSN={1558-4046},
month={Nov},}

@INBOOK{5312000,
author={J. {Pukite} and P. {Pukite}},
booktitle={Modeling for Reliability Analysis: Markov Modeling for Reliability, Maintainability, Safety, and Supportability Analyses of Complex Systems},
title={Markov Process Fundamentals},
year={1998},
volume={},
number={},
pages={49-65},
keywords={},
doi={10.1109/9780470545317.ch6},
ISSN={null},
publisher={IEEE},
isbn={0470545313},
url={https://ieeexplore-ieee-org.libaccess.sjlibrary.org/document/5312000},}

@INPROCEEDINGS{5557362,
author={M. {Shing} and C. {Shing}},
booktitle={2010 Third International Symposium on Electronic Commerce and Security},
title={Information Security Risk Assessment Using Markov Models},
year={2010},
volume={},
number={},
pages={403-406},
keywords={Markov processes;risk management;security of data;information security risk assessment;Markov models;security state assessment;Markov processes;Steady-state;Risk management;Information security;Monitoring;Simulation;Manganese;risk assessment;risk management;information security model;risk model},
doi={10.1109/ISECS.2010.97},
ISSN={null},
month={July},}
@INPROCEEDINGS{7867253,
author={ {Changchun Wang} and {Changhui Shi} and {Chong Wang} and {Ying Fu}},
booktitle={2016 IEEE Advanced Information Management, Communicates, Electronic and Automation Control Conference (IMCEC)},
title={An analyzing method for computer network security based on Markov game model},
year={2016},
volume={},
number={},
pages={454-458},
keywords={computer network security;game theory;Markov processes;nonlinear programming;computer network security;Markov game model;network attacks;Markov decision process;nonlinear programming;Games;Security;Markov processes;Communication networks;Computational modeling;Computer networks;Workstations;computer network security;Markov decision process;game theory;nonlinear programming},
doi={10.1109/IMCEC.2016.7867253},
ISSN={null},
month={Oct},}
@INPROCEEDINGS{4689126,
author={D. A. {Karras} and V. C. {Zorkadis}},
booktitle={2008 New Technologies, Mobility and Security},
title={On Efficient Security Modelling of Complex Interconnected Communication Systems based on Markov Processes},
year={2008},
volume={},
number={},
pages={1-7},
keywords={Markov processes;security of data;telecommunication security;security modelling;complex interconnected communication systems;Markov processes;intrusion detection;Communication system security;Markov processes;Interconnected systems;Communications technology;Computer networks;Computer architecture;Intrusion detection;Risk analysis;Decision making;Quality of service},
doi={10.1109/NTMS.2008.ECP.72},
ISSN={2157-4960},
month={Nov},}
@INPROCEEDINGS{7815162,
author={A. M. Q. {Abdulmunem} and V. S. {Kharchenko}},
booktitle={2016 Third International Conference on Mathematics and Computers in Sciences and in Industry (MCSI)},
title={Availability and Security Assessment of Smart Building Automation Systems: Combining of Attack Tree Analysis and Markov Models},
year={2016},
volume={},
number={},
pages={302-307},
keywords={building management systems;control engineering computing;Markov processes;security of data;trees (mathematics);security assessment;smart building automation systems;attack tree analysis;Markov models;BAS;life cycle;ATA;failure probability;Security;Hardware;Software;Markov processes;Reliability;Field programmable gate arrays;System analysis and design;Smart Building Automation System;Availability;Security;Attack Tree Analysis;Markov Model},
doi={10.1109/MCSI.2016.062},
ISSN={null},
month={Aug},}
@ARTICLE{7805250,
author={C. {Lei} and D. {Ma} and H. {Zhang}},
journal={IEEE Access},
title={Optimal Strategy Selection for Moving Target Defense Based on Markov Game},
year={2017},
volume={5},
number={},
pages={156-169},
keywords={computer network security;decision theory;game theory;Markov processes;quality of service;moving target defense;Markov game;improper defensive strategy selection;MTD;hopping defensive revenue balancing;network service quality;Markov decision process;multiphases characterization;defense cost impact;optimal strategy selection algorithm;Computer security;Markov processes;Communication networks;Electrostatic discharges;Game theory;Surface treatment;Moving target defense;Markov game;optimal strategy selection;attack surface;exploration surface},
doi={10.1109/ACCESS.2016.2633983},
ISSN={2169-3536},
month={},}
@ARTICLE{5189564,
author={J. {Hagen}},
journal={IEEE Security Privacy},
title={Human Relationships: A Never-Ending Security Education Challenge?},
year={2009},
volume={7},
number={4},
pages={65-67},
keywords={computer science education;human factors;security of data;security education;security risk;employees;security policy requirement;human factor;Humans;Information security;Usability;Data security;Protection;Privacy;Watches;Filling;Web pages;Writing;Education;security and privacy;information security;human factors;security usability},
doi={10.1109/MSP.2009.92},
ISSN={1558-4046},
month={July},}
@ARTICLE{5772960,
author={R. {Langner}},
journal={IEEE Security Privacy},
title={Stuxnet: Dissecting a Cyberwarfare Weapon},
year={2011},
volume={9},
number={3},
pages={49-51},
keywords={security of data;Stuxnet;cyberwarfare weapon;cybersecurity;malware;confidentiality;integrity;availability thinking;military target;Malware;Industrial engineering;Driver circuits;Aircraft propulsion;Military communication;Process control;Computer security;Stuxnet;cyberwarfare;digital code signing;SCADA;Ralph Langner},
doi={10.1109/MSP.2011.67},
ISSN={1558-4046},
month={May},}

@INPROCEEDINGS{5375916,
author={C. {Chen} and K. {Wang} and Y. {Dai}},
booktitle={2009 International Conference on Computational Intelligence and Security},
title={A Novel Architecture for Enterprise Network Security},
year={2009},
volume={1},
number={},
pages={537-541},
keywords={business communication;computer network security;intranets;enterprise network security;enterprise network trustworthiness;intranet security;policy decision point;policy enforcement point;Sections;Computer security;Computer architecture;Chaos;Access control;Internet;System analysis and design;Control systems;Switches;Computational intelligence;enterprise network;policy decision point;policy enforcement point;application-network access control},
doi={10.1109/CIS.2009.141},
ISSN={null},
month={Dec},}

@INPROCEEDINGS{6222759,
author={G. {de los Reyes} and S. {Macwan} and D. {Chawla} and C. {Serban}},
booktitle={2012 35th IEEE Sarnoff Symposium},
title={Securing the mobile enterprise with network-based security and cloud computing},
year={2012},
volume={},
number={},
pages={1-5},
keywords={cloud computing;corporate modelling;mobile computing;security of data;mobile enterprise;network-based security;cloud computing;security architecture;Security;Computer architecture;Cloud computing;Local area networks;Mobile communication;Mobile handsets;cloud computing;cloud-based security;enterprise security architecture;mobile enterprise;network-based security;security},
doi={10.1109/SARNOF.2012.6222759},
ISSN={null},
month={May},}
@inproceedings{Pageetal98,
  added-at = {2008-01-09T21:02:24.000+0100},
  address = {Brisbane, Australia},
  author = {Page, L. and Brin, S. and Motwani, R. and Winograd, T.},
  biburl = {https://www.bibsonomy.org/bibtex/2ac49c33e114ca171db40cece6a0ae4d6/sac},
  booktitle = {Proceedings of the 7th International World Wide Web Conference},
  interhash = {ca10cf0b0dd668c64b1f378ff0775849},
  intrahash = {ac49c33e114ca171db40cece6a0ae4d6},
  keywords = {2007 kde pagerank seminar web},
  pages = {161--172},
  timestamp = {2008-01-09T21:02:24.000+0100},
  title = {The PageRank citation ranking: Bringing order to the Web},
  url = {citeseer.nj.nec.com/page98pagerank.html},
  year = 1998
}

@misc{MarkovPr80:online,
author = {},
title = {Markov Process -- from Wolfram MathWorld},
howpublished = {\url{http://mathworld.wolfram.com/MarkovProcess.html}},
month = {},
year = {},
note = {(Accessed on 12/08/2019)}
}

