@article{Tam:2017:EAM:3022634.3017427,
 author = {Tam, Kimberly and Feizollah, Ali and Anuar, Nor Badrul and Salleh, Rosli and Cavallaro, Lorenzo},
 title = {The Evolution of Android Malware and Android Analysis Techniques},
 journal = {ACM Comput. Surv.},
 issue_date = {February 2017},
 volume = {49},
 number = {4},
 month = jan,
 year = {2017},
 issn = {0360-0300},
 pages = {76:1--76:41},
 articleno = {76},
 numpages = {41},
 url = {http://doi.acm.org/10.1145/3017427},
 doi = {10.1145/3017427},
 acmid = {3017427},
 publisher = {ACM},
 address = {New York, NY, USA},
 keywords = {Android, classification, detection, dynamic analysis, malware, static analysis},
}
@Booklet{Gil:02,
  author       = {Joseph (Yossi) Gil},
  TITLE        = {{\LaTeXe} for Graduate Students},
  year         = {2002},
  howpublished = {manuscript},
  address      = {Haifa, Israel},
}
@misc{template,
    title={A Simple LaTeX Template},
    url={http://www.cs.technion.ac.il/~yogi/Courses/CS-Scientific-Writing/examples/simple/simple.htm},
    journal={A Simple LateX Template},
    publisher={Technion - Israel Institute of Technology}
}
