@Booklet{Gil:02,
  author       = {Joseph (Yossi) Gil},
  TITLE        = {{\LaTeXe} for Graduate Students},
  year         = {2002},
  howpublished = {manuscript},
  address      = {Haifa, Israel},
}
@misc{template,
    title={A Simple LaTeX Template},
    url={http://www.cs.technion.ac.il/~yogi/Courses/CS-Scientific-Writing/examples/simple/simple.htm},
    journal={A Simple LateX Template},
    publisher={Technion - Israel Institute of Technology}
}
